@article{korson1990understanding,
  title={{Understanding Object-Oriented: A Unifying Paradigm}},
  author={Korson, Tim and McGregor, John D.},
  journal={{Communications of the ACM}},
  volume={33},
  number={9},
  pages={40--60},
  year={1990},
  publisher={ACM},
  doi={10.1145/83880.84459}
}